% This file was created with JabRef 2.10.
% Encoding: UTF8


@Conference{arellano1999,
  Title                    = {Nueva gerencia pública en acción: procesos de modernización presupuestal. Un análisis en términos organizativos (Nueva Zelanda, Reino Unido, Australia y México)},
  Author                   = {David Arellano Gault, José Ramón Gil,Jesús Ramírez Macías y Angeles Rojano},
  Year                     = {1999},
  Month                    = {11},
  Organization             = {IV Congreso Internacional del CLAD sobre Reforma del Estado y la Administración Pública},
  keywords                 = {citar-bib},
  Address                  = {México}
}



@Article{garciadelgado2008,
  Title                    = {La reforma del Estado en la Argentina: de la hiperinflación al desempleo estructural},
  Author                   = {Daniel R. García Delgado},
  Year                     = {2008},
  Number                   = {nos. 40-41},
  keywords                 = {citar-bib},
  Journal                  = {Revista del CLAD Reforma y Democracia},
  Owner                    = {grandim},
  Timestamp                = {2015.10.20}
}

@Book{sepprodev,
  Title                    = {Diagnóstico de la capacidad institucional para implementar la gestiónpara resultados en el desarrollo mediante la metodología del SEP},
  Author                   = {{Banco Interamericano de Desarrollo}},
  Year                     = {2013},
  Editor                   = {Banco Interamericano de Desarrollo},
  keywords                 = {citar-bib},
  Owner                    = {grandim},
  Timestamp                = {2015.10.20}
}

@Book{garcialopez2010,
  Title                    = {La Gestión para Resultados en el Desarrollo: Avances y desafíos en América Latina y el Caribe},
  Author                   = {Roberto García López, Mauricio García Moreno},
  Year                     = {2010},
  Publisher                = {Banco Interamericano de Desarrollo}
  keywords= {citar-bib},
}

@Book{grau2003evaluación,
  Title                    = {Evaluaci{\'o}n de resultados para una gesti{\'o}n p{\'u}blica moderna y democr{\'a}tica: experiencias latinoamericanas},
  Author                   = {Grau, N.C. and Ospina, S. and Centro Latinoamericano de Administraci{\'o}n para el Desarrollo},
  Year                     = {2003},
  ISBN                     = {9789806125407},
  Publisher                = {CLAD}
  keywords= {citar-bib},
}

@Conference{herrera2006,
  Title                    = {Monitoreo y evaluación de políticas públicas: el Sistema de Información para la Gestión (SIG) en Argentina},
  Author                   = {Juan Carlos Herrera},
  Year                     = {2006},
  Eventtitle               = {XI Congreso Internacional del CLAD sobre la Reforma del Estado y de la Administración Pública},
  Location                 = {Ciudad de Guatemala},
  keywords= {citar-bib},

  Owner                    = {grandim},
  Timestamp                = {2015.10.20}
}

@Other{onig2007,
  Author                   = {Oficina Nacional de Innovación de Gestión},
  Month                    = {2},
  Series                   = {La Gestión Pública por Objetivos y Resultados. Una visión sistémica},
  Year                     = {2007}
  keywords= {citar-bib},
}

@Book{lindborn1991,
  Title                    = {El proceso de elaboración de Políticas Públicas},
  Author                   = {Charles Lindbom},
  Year                     = {1991},
  Publisher                = {Grupo Editorial Miguel Angel Porrúa S.A.},
  keywords= {citar-bib},

  Address                  = {México DF}
}

@Electronic{lopez2005,
  Title                    = {Indicadores de Gestión para el monitoreo de las políticas de modernización en el sector público: Revisión teórica y propuesta para su elaboración},
  Author                   = {Andrea López},
  Date                     = {2015-10-20},
  Editor                   = {Instituto Nacional de Administración Pública},
  Url                      = {http://www.sgp.gov.ar/contenidos/inap/publicaciones/docs/modernizacion/Indicadores.pdf},
  Year                     = {2005},
  keywords= {citar-bib},

  Owner                    = {grandim},
  Timestamp                = {2015.10.20}
}

@Article{makon2008,
  Title                    = {El modelo de gestión por resultados en los organismos de la administración pública nacional},
  Author                   = {Marcos Pedro Makón},
  Journaltitle             = {Reforma y democracia: revista del CLAD},
  Year                     = {2008},
  Editor                   = {Centro Latinoamericano de Administración para el Desarrollo},
  Issue                    = {42-44},
  keywords= {citar-bib},

  Owner                    = {grandim},
  Timestamp                = {2015.10.20}
}

@Book{Mayordomo1993,
  Title                    = {Management p{\'u}blico e indicadores de gesti{\'o}n, una perspectiva organizativa},
  Author                   = {Xavier Mendoza},
  Year                     = {1993},
  Publisher                = {ESADE},
  Series                   = {Papers ESADE},
  keywords= {citar-bib},

  __markedentry            = {[grandim:6]},
  Owner                    = {grandim},
  Timestamp                = {2015.10.20}
}

@Book{nirenberg2000,
  Title                    = {Evaluar para la transformación: innovaciones en la evaluación de programas y proyectos sociales,},
  Author                   = {Nirenberg, O., Brawerman, J., \& Ruiz, V.},
  Year                     = {2000},
  Publisher                = {Editorial Paidós},
  keywords= {citar-bib},

  Address                  = {Buenos Aires, Argentina}
}

@Electronic{olivieri,
  Title                    = {Hacia la mejor técnica presupuestaria: ¿presupuesto por programas vs presupuesto base cero?},
  Author                   = {Alicia Olivieri},
  Url                      = {di.mecon.gov.ar/biblio/docelec/clad/cong6/7nov/57/olivieri.pdf},
  keywords= {citar-bib},
  Owner                    = {grandim},
  Timestamp                = {2015.10.20}
}

@Article{ospinabozzi2001,
  Title                    = {Evaluación de la gestión pública: conceptos y aplicaciones en el caso latinoamericano},
  Author                   = {Ospina Bozzi, S},
  Year                     = {2001},
  Number                   = {19},
  keywords= {citar-bib},
  Journal                  = {Reforma y Democracia}
}

@Article{oszlako1999,
  Title                    = {Quemar las naves (o cómo lograr reformas estatales irreversibles)},
  Author                   = {Oszlak, O},
  Year                     = {1999},
  Number                   = {14},
  Volume                   = {6},
  keywords= {citar-bib},
  Journal                  = {Revista Aportes para el Estado y la Administración Gubernamental}
}

@Conference{sotelo,
  Title                    = {Cadena de valor público y planteamiento estratégico, limitaciones y virtudes del modelo},
  Author                   = {Sotelo Maciel,},
  Editor                   = {XVII Congreso Internacional del CLAD sobre la Reforma del Estado y de la Administración Pública},
  Year                     = {2012},
  Organization             = {CLAD},
  keywords= {citar-bib},
  Address                  = {Cartagena de Indias}
}




@Book{ocde2002,
  Title                    = {Glosario de los principales términos sobre evaluación y gestión basada en resultados},
  Year                     = {2002},
  Publisher                = {OCDE}
  keywords= {citar-bib},
}

@unpublished{informegestionprodev,
	author	= "Matías Manuel Grandi, Luciano Brom, Romanela Conte, Bernardo Terza",
	addendum= {Jefatura de Gabinete de Ministros},
	howpublished = {No publicado},
	title	= "{Informe de Gestión Prodev Cuenta A/B}",
	year	= "2014",
	month	= "",
	note	= "",
	Keywords= {citar-bib},
}

@unpublished{poamedianoplazo,
	author	= "Matías Manuel Grandi, Luciano Brom, Romanela Conte, Bernardo Terza",
	title	= "{Plan de Acción a Mediano Plazo}",
	addendum= {Jefatura de Gabinete de Ministros},
	howpublished = {No publicado},
	year	= "2013",
	month	= "",
	note	= "",
	Keywords= {citar-bib},
}