@misc{butteri2012,
    author  = {Gustavo Butteri},
    title   = {Entrevista al Director Nacional del SINTyS para diagnóstico Prodev},
    place   = {Ciudad autónoma de Buenos Aires},
    year    = {2012},
    keywords= {entrevistas},
},

@misc{dinardi2012,
    author  = {Roxana Rubins y Graciela Dinardi},
    title   = {Entrevista a técnicos a cargo del Sistema Integral de Seguimiento y Evaluación de la Gestión para diagnóstico Prodev},
    place   = {Ciudad autónoma de Buenos Aires},
    year    = {2012},
    keywords= {entrevistas},
},

@misc{siempro2012,
    author={Lezcano, Alicia y Gielis, Leaadro y Levcovich, Monica},
    title={Entrevista a técnicos a cargo del Siempro para diagnóstico Prodev},
    place={Ciudad autónoma de Buenos Aires},
    year={2012},
    keywords={entrevistas},
}