@Book{ley24156,
  Title                    = {Ley de Administración Financiera y de los Sistema de control del Sector Público},
  Author                   = {{Ley 24.156}},
  Date                     = {1992-10-26},
  Year                     = {1992},
  Location                 = {Buenos Aires},
  Publisher                = {Boletín Oficial de la República Argentina},

  Owner                    = {grandim},
  Timestamp                = {2015.10.21},
  keywords                 = {normativa-listar},
}

@Book{ley24629,
  Title                    = { },
  Author                   = {{Ley 24.629}},
  Date                     = {1996-3-8},
  Year                     = {1996},
  Location                 = {Buenos Aires},
  Publisher                = {Boletín Oficial de la República Argentina},
  Owner                    = {grandim},
  Timestamp                = {2015.10.21},
  keywords                 = {normativa-listar},
}

@Book{ley25512,
  Title                    = {Ley de Administración de los Recursos Públicos},
  Author                   = {{Ley 25.512}},
  Date                     = {1999-9-15},
  Year                     = {1999},
  Location                 = {Buenos Aires},
  Publisher                = {Boletín Oficial de la República Argentina},
  Owner                    = {grandim},
  Timestamp                = {2015.10.21},
  keywords                 = {normativa-listar},
}

@Book{decreto103,
  Title                    = {Se aprueba el Plan de Modernización},
  Author                   = {{Decreto 103}},
  Date                     = {2001-01-25},
  Year                     = {2001},
  Location                 = {Buenos Aires},
  Publisher                = {Boletín Oficial de la República Argentina},
  keywords                  = {normativa-listar},
}

@Book{decreto558,
  Title                    = {Se crea de la Unidad de Reforma y Modernización del Estado},
  Author                   = {{Decreto 558}},
  Date                     = {1996-05-24},
  Year                     = {1996},
  Location                 = {Buenos Aires},
  Publisher                = {Boletín Oficial de la República Argentina},
  keywords                  = {normativa-listar},
}

@Book{decreto928,
  Title                    = {Establécese que los Organismos Descentralizados mencionados en el articulo 22 del Decreto 558/96 deberán diseñar un Plan Estratégico en el marco del nuevo Rol del Estado, que esté orientado al ciudadano, a la medición de resultados y a la jerarquización y participación de sus recursos humanos.},
  Author                   = {{Decreto 928}},
  Date                     = {1996-08-12},
  Year                     = {1996},
  Location                 = {Buenos Aires},
  Publisher                = {Boletín Oficial de la República Argentina},
  keywords                 = {normativa-listar},
}



@Book{decreto1490,
  Title                    = {Se aprueba el modelo de la segunda enmienda del convenio de préstamo a suscribirse con el Banco Internacional de Reconstrucción y Fomento, destinado a redireccionar los fondos no utilizados del Préstamo},
  Author                   = {{Decreto 1490}},
  Date                     = {2001-11-26},
  Year                     = {2001},
  Location                 = {Buenos Aires},
  Publisher                = {Boletín Oficial de la República Argentina},
  keywords                 = {normativa-listar},
}

@Book{cartaprodev,
  Title                    = {Cooperación Técnica No Reembolsable ATN/OC-I 14057-AR. Programa de Apoyo a la Implementación de la Gestión por Resultados.},
  Author                   = {{Carta Compromiso LEGI/SOO/CSC/IBDOCS: 1377541}},
  Date                     = {2009-12-19},
  Year                     = {2009},
  Location                 = {Buenos Aires},
  Publisher                = {BID},
  Owner                    = {grandim},
  keywords                 = {normativa-listar},
}

@Book{cartaprodevb,
  Title                    = {Cooperación Técnica No Reembolsable ATN/OC-I 0213-AR. Fortalecimiento de una Gestión Pública Basada en Resultados en Argentina.},
  Author                   = {{Carta Compromiso LEGI/SOO/CSC/IBDOCS: 38200138}},
  Date                     = {2013-12-06},
  Year                     = {2013},
  Location                 = {Buenos Aires},
  Publisher                = {BID},
  Owner                    = {grandim},
  keywords                 = {normativa-listar},
}

@Book{decreto1673,
  Title                    = {Apruébanse los Modelos de Convenios a suscribirse con el Banco Interamericano de Desarrollo y el Banco Internacional de Reconstrucción y Fomento.},
  Author                   = {{Decreto 1673}},
  Date                     = {2009-11-04},
  Year                     = {2009},
  Location                 = {Buenos Aires},
  Publisher                = {Boletín Oficial de la República Argentina},
  Owner                    = {grandim},
  keywords                 = {normativa-listar},
}

@Book{decreto357,
  Title                    = {Créase el Consejo Nacional de Coordinación de Políticas Sociales en el ámbito de la Presidencia de la Nación. Disuélvese el Gabinete Social creado por Decreto Nº 108/97.},
  Author                   = {{Decreto 357}},
  Date                     = {2002-02-21},
  Year                     = {2002},
  Location                 = {Buenos Aires},
  Publisher                = {Boletín Oficial de la República Argentina},
  Owner                    = {grandim},
  keywords                 = {normativa-listar},
}

@Book{decreto78,
  Title                    = {Apruébase la estructura organizativa de primer y segundo nivel operativo de la Unidad de Coordinación Técnica de la Secretaría Ejecutiva del mencionado Consejo Nacional.},
  Author                   = {{Decreto 78}},
  Date                     = {2007-12-12},
  Year                     = {2007},
  Location                 = {Buenos Aires},
  Publisher                = {Boletín Oficial de la República Argentina},
  Owner                    = {grandim},
  keywords                 = {normativa-listar},
}


@Book{decreto229,
  Title                    = {Creación del citado Programa. Finalidad. Principios Rectores. Pautas, Ambito y Autoridad de Aplicación. Consejo Consultivo. Informe de Avance. Institúyese la "Distinción Carta Compromiso con el Ciudadano"},
  Author                   = {{Decreto 229}},
  Date                     = {2000-3-3},
  Year                     = {2000},
  Location                 = {Buenos Aires},
  Publisher                = {Boletín Oficial de la República Argentina},
  Owner                    = {grandim},
  keywords                 = {normativa-listar},
}


@Book{decreto992,
  Title                    = {Creación de un sistema de administración de Unidades Ejecutoras de Programa, de aplicación en las jurisdicciones o entidades incorporadas al régimen de los Acuerdos Programa previstos en el artículo 5$^{\circ}$ de la Ley N$^{\circ}$ 25.152 o de aquellos que se celebren con la Secretaría para la Modernización del Estado. Ambito y objeto. Contratación, derechos y obligaciones de los Gerentes de Programa.},
  Author                   = {{Decreto 992}},
  Date                     = {2001-8-3},
  Year                     = {2001},
  Location                 = {Buenos Aires},
  Publisher                = {Boletín Oficial de la República Argentina},
  Owner                    = {grandim},
  keywords                 = {normativa-listar},
}


@Book{decreto21,
  Title                    = {Modificación del Decreto N$^{\circ}$ 357/2002 y sus modificatorios, a fin de reordenar las responsabilidades de distintas áreas del Poder Ejecutivo Nacional.},
  Author                   = {{Decreto 21}},
  Date                     = {2007-12-10},
  Year                     = {2007},
  Location                 = {Buenos Aires},
  Publisher                = {Boletín Oficial de la República Argentina},
  Owner                    = {grandim},
  keywords                 = {normativa-listar},
}


@Book{decreto22,
  Title                    = {Modifícase el Decreto N 357/2002 en relación con el organigrama correspondiente a la Jefatura de Gabinete de Ministros.},
  Author                   = {{Decreto 22}},
  Date                     = {2001-12-10},
  Year                     = {2001},
  Location                 = {Buenos Aires},
  Publisher                = {Boletín Oficial de la República Argentina},
  Owner                    = {grandim},
  keywords                 = {normativa-listar},
}





@Book{decreto812,
  Title                    = {Créase el mencionado Sistema destinado a coordinar los datos registrados y a registrarse en las distintas bases de datos existentes a nivel nacional, a fin de efectuar una identificación uniforme y homogénea de las personas físicas y jurídicas a nivel tributario y social.},
  Author                   = {{Decreto 812}},
  Date                     = {1998-7-13},
  Year                     = {1998},
  Location                 = {Buenos Aires},
  Publisher                = {Boletín Oficial de la República Argentina},
  Owner                    = {grandim},
  keywords                 = {normativa-listar},
}


@Book{ley25345,
  Title                    = {Prevención de la evasión fiscal.},
  Author                   = {{Ley 25.345}},
  Date                     = {2000-11-19},
  Year                     = {2000},
  Location                 = {Buenos Aires},
  Publisher                = {Boletín Oficial de la República Argentina},
  Owner                    = {grandim},
  keywords                 = {normativa-listar},
}



@Book{ley25400,
  Title                    = {Compromiso Federal sobre disciplina fiscal.},
  Author                   = {{Ley 25.400}},
  Date                     = {2001-01-10},
  Year                     = {2001},
  Location                 = {Buenos Aires},
  Publisher                = {Boletín Oficial de la República Argentina},
  Owner                    = {grandim},
  keywords                 = {normativa-listar},
}

@Book{decreto673,
  Title                    = {Créase la Secretaría para la Modernización del Estado. Transfiérese a ese ámbito la Oficina Nacional de Contrataciones, dependiente de la Subsecretaría de Presupuesto de la Secretaría de Hacienda del Ministerio de Economía.},
  Author                   = {{Decreto 673}},
  Date                     = {2001-05-05},
  Year                     = {2001},
  Location                 = {Buenos Aires},
  Publisher                = {Boletín Oficial de la República Argentina},
  Owner                    = {grandim},
  keywords                 = {normativa-listar},
}

@Book{resolucion2851,
  Title                    = {Secretaría de Desarrollo Social},
  Author                   = {{Resolución 2851}},
  Date                     = {1995},
  Year                     = {1995},
  Location                 = {Buenos Aires},
  Publisher                = {Boletín Oficial de la República Argentina},
  Owner                    = {grandim},
  keywords                 = {normativa-listar},
}


@Book{resolucion416,
  Title                    = {Se crea en la órbita de la Secretaria de Gabinete y Coordinación Administrativa de la Jefatura de Gabinete de Ministros, el “Programa de Evaluación de Políticas Públicas”.},
  Author                   = {{Resolución 416}},
  Date                     = {2001-11-26},
  Year                     = {2013},
  Location                 = {Buenos Aires},
  Publisher                = {Boletín Oficial de la República Argentina},
  Owner                    = {grandim},
  keywords                 = {normativa-listar},
}