@Www{siemproweb,
  Title                    = {Siempro},
  Urldate                  = {2015-11-7},
  Url                      = {http://www.siempro.gov.ar},
  Owner                    = {mato},
  Timestamp                = {2015.10.22},
  keywords                 = {sitiosweb},
}

@Www{cncpsweb,
  Title                    = {Consejo Nacional de Coordinación de Políticas Sociales},
  Urldate                  = {2015-10-8},
  Url                      = {http://www.políticassociales.gov.ar},
  Owner                    = {mato},
  Timestamp                = {2015.10.22},
  keywords                 = {sitiosweb},
}
@Www{sintysweb,
  Title                    = {SINTyS},
  Urldate                  = {2015-11-2},
  Url                      = {http://www.sintys.gov.ar},
  Owner                    = {mato},
  Timestamp                = {2015.09.14},
  keywords                 = {sitiosweb},
}

@Www{bid,
  Title                    = {Banco Interamericano de Desarrollo},
  Urldate                  = {2015-10-8},
  Url                      = {http://www.iadb.org/},
  Owner                    = {mato},
  Timestamp                = {2015.09.14},
  keywords                 = {sitiosweb},
}